@ARTICLE{bowman:reasoning,
	AUTHOR = "iBeacon.com",
	TITLE = "What is iBeacon? What are iBeacons?",
	MONTH = "March",
	YEAR = {2014}	}

@ARTICLE{clark:pct,
	AUTHOR = "Philipp Kindt and Daniel Yunge and Robert Diemer and Samarjit Chakraborty",
	TITLE = "Precise Energy Modeling for the Bluetooth Low Energy Protocol",
	MONTH = "March",
	YEAR = {2014}	}

@BOOK{Lamport:LaTeX,
	AUTHOR = "Leslie Lamport",
	TITLE = "LaTeX User's Guide and Document Reference Manual",
	PUBLISHER = "Addison-Wesley Publishing Company",
	ADDRESS = "Reading, Massachusetts",
	YEAR = "1986"	}






